<?xml version="1.0" encoding="UTF-8"?><collection><record><leader>07287ntm a2200673 a 4500</leader><controlfield tag="001">006837646</controlfield><controlfield tag="003">MiAaHDL</controlfield><controlfield tag="005">20190719000000.0</controlfield><controlfield tag="006">m        d        </controlfield><controlfield tag="007">cr bn ---auaua</controlfield><controlfield tag="008">090710s1826    xx            00| ||per d</controlfield><datafield tag="035" ind1=" " ind2=" "><subfield code="a">(MiU)006837646</subfield></datafield><datafield tag="035" ind1=" " ind2=" "><subfield code="a">sdr-miu006837646</subfield></datafield><datafield tag="040" ind1=" " ind2=" "><subfield code="a">MiU</subfield><subfield code="c">MiU</subfield><subfield code="e">amremm</subfield></datafield><datafield tag="043" ind1=" " ind2=" "><subfield code="a">n-us-mi</subfield></datafield><datafield tag="100" ind1="0" ind2=" "><subfield code="6">880-01</subfield><subfield code="a">Khvājah Amīr ibn Khvājah Pādishāh Khān.</subfield></datafield><datafield tag="245" ind1="1" ind2="0"><subfield code="6">880-03</subfield><subfield code="a">Maẓhar al-ʻajāʼib,</subfield><subfield code="f">[1242?, i.e. 1826?].</subfield></datafield><datafield tag="246" ind1="3" ind2=" "><subfield code="a">مظهر العجائب</subfield></datafield><datafield tag="246" ind1="3" ind2=" "><subfield code="a">مظهر العجايب</subfield></datafield><datafield tag="246" ind1="3" ind2=" "><subfield code="i">Title from inscription on front flyleaf (p.3):</subfield><subfield code="a">مظهر العجایب</subfield></datafield><datafield tag="246" ind1="3" ind2=" "><subfield code="i">Title from cover label:</subfield><subfield code="a">مظهر العجایب</subfield></datafield><datafield tag="260" ind1=" " ind2=" "><subfield code="c">[1826?].</subfield></datafield><datafield tag="300" ind1=" " ind2=" "><subfield code="a">241 leaves :</subfield><subfield code="b">paper ;</subfield><subfield code="c">242 x 157 (180 x 90) mm.</subfield></datafield><datafield tag="500" ind1=" " ind2=" "><subfield code="a">Shelfmark: Ann Arbor, University of Michigan, Special Collections Library, Isl. Ms. 888</subfield></datafield><datafield tag="500" ind1=" " ind2=" "><subfield code="a">Origin: As appears in colophon on p.486, transcription completed 10 Jumādá I 1242 [?] [ca. 10 December 1826 ?, numerals have been tampered with and third numerals is particularly unclear, i.e. 12?2] on the order of ʻAṭā Ḥusayn Khānʹṣāḥib ( عطا حسين خانصاحب ). As appears in preceding authorial colophon on p.485, composition completed in 1231 [1816 or 17].</subfield></datafield><datafield tag="500" ind1=" " ind2=" "><subfield code="a">Accompanying materials: a. Slip with note "counted for 1968/69 Annual Report" -- b. Slip with note "Persian Manuscripts (Heyworth-Dunne?) No Husselman or Meredith-Owen notes" -- c. Page torn from Luzac &amp; Co. catalog, 1908, "Books on Modern Persian Literature," with description for this manuscript "AMIR IBN KHWĀJA PADSHĀH KHĀN. Maẓḥar al-ʻajāʼib. A dictionary of Names and Epithets found in Persian Poets. Composed in 1231 A.H. Persian MS. Roy. 8vo, leather bound. 12s. 1826. The margins of many pages have been neatly repaired." -- d. Slip with description in black ink "Persian | Amīr ibn Khwāja Pādshāh Khān | Maẓḥar al-ʻajāʼib. A dictionary of names and epithets found in Persian poets describing the lover and the beloved. Composed in 1231 A.H. | Dated 1242 (?) = 1826 A.D."</subfield></datafield><datafield tag="500" ind1=" " ind2=" "><subfield code="a">Former shelfmark: Mich. Isl. Ms. temp. no. 37</subfield></datafield><datafield tag="500" ind1=" " ind2=" "><subfield code="a">Binding: Pasteboards covered in royal blue leather ; Type III binding (without flap) ; pastedowns and flyleaves in untinted wove paper ; sewn in cream thread over two recessed cords ; worked chevron endbands in cream and purple, good condition ; overall in fair condition with some abrasion, staining, lifting of leather, etc.</subfield></datafield><datafield tag="500" ind1=" " ind2=" "><subfield code="a">Support: non-European laid paper with roughly 10 laid lines per cm. (vertical, somewhat indistinct, some curving) and occasional chain lines faintly visible, cloudy formation, quite thin and transluscent though sturdy, cream in color, well-burnished ; extensive repairs in wove paper.</subfield></datafield><datafield tag="500" ind1=" " ind2=" "><subfield code="a">Decoration: Some keywords and headings rubricated, others overlined in red (mainly with two-teeth stroke abbreviation symbol).</subfield></datafield><datafield tag="500" ind1=" " ind2=" "><subfield code="a">Script: Nastaʻlīq ; spacious, elegant hand ; mainly serifless with effect of words descending to baseline, elongation and somewhat exaggerated thickness of horizontal strokes, pointing in strokes as well as distinct dots.</subfield></datafield><datafield tag="500" ind1=" " ind2=" "><subfield code="a">Layout: Written in 15 lines per page.</subfield></datafield><datafield tag="500" ind1=" " ind2=" "><subfield code="a">Collation: i, IV (8), III (14), IV (22), IV+1 (31), 7 IV(87), III (93), 10 IV(173), I+1 (176), 3 IV(200), II (204), 4 IV(236), II+1 (241), i ; chiefly quaternions ; middle of the quire marks in the form black oblique strokes in the upper outer corner of the right-hand leaf and the lower-outer corner of the left-hand leaf ; catchwords present ; foliation in black ink, Hindu-Arabic numerals ; pagination in pencil, Western numerals, supplied during digitization (includes pastedowns and flyleaves).</subfield></datafield><datafield tag="500" ind1=" " ind2=" "><subfield code="a">Colophon: "Scribal," reads "بتاریخ دهم جمادى الاول سنه ۱۲۴۲ [؟] هجری نبوی نسخه مظهر العجایب تصنیف خواجه امیر ولد خواجه بادشاه خان بموجب فریامش عطا حسین خانصاحب [؟] سلمه الله تعالى ... باختتام رسید بمنه وکرمه"</subfield></datafield><datafield tag="500" ind1=" " ind2=" "><subfield code="a">Incipit: "وجه [؟] تالیف این نسخه انکه ... در شهر کالپی نور چشم عزیز ازجان احمد بخش خان طال الله عمره بنزیره نواب عماد الملك آصفجاه ... مجموعۀ بعضی از مصطلحات و محاورات مختلفه دیوان شیخ علی حزین رحمة الله علیه ..."</subfield></datafield><datafield tag="500" ind1=" " ind2=" "><subfield code="a">Title from colophon on p.486.</subfield></datafield><datafield tag="500" ind1=" " ind2=" "><subfield code="a">Ms. codex.</subfield></datafield><datafield tag="510" ind1="4" ind2=" "><subfield code="a">Storey,</subfield><subfield code="c">i/2, 840-9</subfield></datafield><datafield tag="510" ind1="4" ind2=" "><subfield code="a">Hidayet Hosain, M. "Ḥazīn, Muḥammad b. Abī Ṭālib." In EI2,</subfield><subfield code="c">Vol. III, p.338, col. 2</subfield></datafield><datafield tag="510" ind1="4" ind2=" "><subfield code="a">Cat. Pers. MSS. Brit. Mus.,</subfield><subfield code="c">p.372</subfield></datafield><datafield tag="520" ind1="8" ind2=" "><subfield code="a">Careful copy of a work by Khvājah Amīr valad-i Khvājah Pādishāh Khān addressing the terms and expressions used in the Dīvān of Muḥammad ibn Abī Ṭālib Ḥazīn of Lāhijān, known as Shaykh ʻAlī Ḥazīn (d.1766).</subfield></datafield><datafield tag="538" ind1=" " ind2=" "><subfield code="a">Mode of access: Internet.</subfield></datafield><datafield tag="541" ind1=" " ind2=" "><subfield code="c">Gift ;</subfield><subfield code="a">Acquired from Frank E. Nuttall (1875-1943).</subfield></datafield><datafield tag="546" ind1=" " ind2=" "><subfield code="a">Persian.</subfield></datafield><datafield tag="561" ind1=" " ind2=" "><subfield code="a">Former inventory marks "MS 1906" and author "Amir ibn Khwaja Padshah Khan" in pencil on front flyleaf (p.4) ; at close on p.486, former owners' marks include ownership statement in name of Muḥammad ʻAṭā Ḥusayn ( محمد عطا حسين ), statement reads "المالك والقابض عبد الضعيف محمد عطا حسين عفى عنه وعن والديه", large rectangular seal impression dated 1263 [1846 or 7] in name of [..?] al-Dawlah Muḥsin al-Mulk Muḥammad Ḥusayn ʻAlīʹkhān Bahādur Ḥusayn Jang ( ... الدوله محسن الملك محمد حسين عليخان بهادر حسين جنگ ) and large octagonal seal impression with fish motifs possibly dated 1290 [1873 or 4] (compare impression in Isl. Ms. 873, fol.1a / p.1) ; on back flyleaf (p.488), stamp in name of James O'Kinealy (1837-1903), reads "J. O'KINEALY." in black ink ; numerous glosses ; occasional marginal corrections.</subfield></datafield><datafield tag="600" ind1="0" ind2="0"><subfield code="a">Muḥammad ʻAlī Ḥazīn,</subfield><subfield code="d">1692?-1766?</subfield><subfield code="t">Poems</subfield><subfield code="v">Terminology.</subfield></datafield><datafield tag="650" ind1=" " ind2="0"><subfield code="a">Manuscripts, Persian</subfield><subfield code="z">Michigan</subfield><subfield code="z">Ann Arbor.</subfield></datafield><datafield tag="650" ind1=" " ind2="0"><subfield code="a">Persian poetry</subfield><subfield code="y">1500-1796</subfield><subfield code="x">History and criticism.</subfield></datafield><datafield tag="700" ind1="1" ind2=" "><subfield code="a">Nuttall, Frank E.,</subfield><subfield code="d">1875-1943,</subfield><subfield code="e">former owner.</subfield></datafield><datafield tag="700" ind1="1" ind2=" "><subfield code="a">O'Kinealy, J.</subfield><subfield code="q">(James),</subfield><subfield code="e">former owner.</subfield></datafield><datafield tag="700" ind1="0" ind2=" "><subfield code="6">880-07</subfield><subfield code="a">Muḥsin al-Mulk Muḥammad Ḥusayn ʻAlīʹkhān Bahādur Ḥusayn Jang,</subfield><subfield code="d">fl. 1846,</subfield><subfield code="e">former owner.</subfield></datafield><datafield tag="700" ind1="0" ind2=" "><subfield code="6">880-06</subfield><subfield code="a">Muḥammad ʻAṭā Ḥusayn,</subfield><subfield code="e">former owner.</subfield></datafield><datafield tag="700" ind1="0" ind2=" "><subfield code="6">880-05</subfield><subfield code="a">ʻAṭā Ḥusayn Khānʹṣāḥib,</subfield><subfield code="d">fl. 1807?,</subfield><subfield code="e">patron,</subfield><subfield code="e">former owner.</subfield></datafield><datafield tag="773" ind1="0" ind2=" "><subfield code="a">F. E. Nuttall Collection.</subfield></datafield><datafield tag="880" ind1="0" ind2=" "><subfield code="6">700-07/</subfield><subfield code="a">محسن الملك محمد حسين عليخان بهادر حسين جنگ,</subfield><subfield code="e">مالك سابق.</subfield></datafield><datafield tag="880" ind1="0" ind2=" "><subfield code="6">700-06/</subfield><subfield code="a">محمد عطا حسين,</subfield><subfield code="e">مالك سابق.</subfield></datafield><datafield tag="880" ind1="0" ind2=" "><subfield code="6">700-05/</subfield><subfield code="a">عطا حسين خانصاحب,</subfield><subfield code="e">راع,</subfield><subfield code="e">مالك سابق.</subfield></datafield><datafield tag="880" ind1="1" ind2="0"><subfield code="6">245-03/</subfield><subfield code="a">مظهر العجایب,</subfield><subfield code="f">[1242ه؟, 1826م؟].</subfield></datafield><datafield tag="880" ind1="0" ind2=" "><subfield code="6">100-01/</subfield><subfield code="a">خواجه امير ابن خواجه پادشاه خان.</subfield></datafield><datafield tag="CID" ind1=" " ind2=" "><subfield code="a">006837646</subfield></datafield><datafield tag="DAT" ind1="0" ind2=" "><subfield code="a">20190719102642.0</subfield><subfield code="b">20190719000000.0</subfield></datafield><datafield tag="DAT" ind1="1" ind2=" "><subfield code="a">20190719090653.0</subfield><subfield code="b">2019-07-19T16:12:32Z</subfield></datafield><datafield tag="DAT" ind1="2" ind2=" "><subfield code="a">2015-10-10T18:00:06Z</subfield></datafield><datafield tag="CAT" ind1=" " ind2=" "><subfield code="a">SDR-MIU</subfield><subfield code="d">EX LIBRIS - ALEPH</subfield><subfield code="l">prepare.pl-004-008</subfield></datafield><datafield tag="FMT" ind1=" " ind2=" "><subfield code="a">BK</subfield></datafield><datafield tag="HOL" ind1=" " ind2=" "><subfield code="0">sdr-miu006837646</subfield><subfield code="a">MiU</subfield><subfield code="b">SDR</subfield><subfield code="c">MIU</subfield><subfield code="p">mdp.39015079132653</subfield><subfield code="s">MIU</subfield><subfield code="1">006837646</subfield></datafield><datafield tag="974" ind1=" " ind2=" "><subfield code="b">MIU</subfield><subfield code="c">MIU</subfield><subfield code="d">20190719</subfield><subfield code="s">lit-dlps-dc</subfield><subfield code="u">mdp.39015079132653</subfield><subfield code="y">1826</subfield><subfield code="r">pd</subfield><subfield code="q">bib</subfield><subfield code="t">non-US bib date1 &lt; 1879</subfield></datafield></record></collection>